<record xmlns="http://www.loc.gov/MARC21/slim" xmlns:xsi="http://www.w3.org/2001/XMLSchema-instance" xsi:schemaLocation="http://www.loc.gov/MARC21/slim http://www.loc.gov/standards/marcxml/schema/MARC21slim.xsd"><leader>01247nam a2200301   4500</leader><controlfield tag="001">001679925</controlfield><controlfield tag="003">NNU</controlfield><controlfield tag="006">m        d        </controlfield><controlfield tag="007">cr cn |||m|||a</controlfield><controlfield tag="008">150116m19639999iq      od    000 0 ara d</controlfield><datafield ind1=" " ind2=" " tag="040"><subfield code="a">NNU</subfield><subfield code="b">eng</subfield><subfield code="c">NNU</subfield></datafield><datafield ind1=" " ind2="4" tag="050"><subfield code="a">PJ6830.B3</subfield><subfield code="b">H19</subfield></datafield><datafield ind1="1" ind2=" " tag="100"><subfield code="a">&#7716;anaf&#299;, Jal&#257;l.</subfield></datafield><datafield ind1="1" ind2="0" tag="245"><subfield code="a">Mu&#699;jam al-lughah al-&#699;&#257;mm&#299;yah al-Baghd&#257;d&#299;yah</subfield><subfield code="h">[electronic resource].</subfield></datafield><datafield ind1="3" ind2=" " tag="246"><subfield code="a">Dictionary of the Baghdadi dialect</subfield></datafield><datafield ind1=" " ind2=" " tag="260"><subfield code="a">Baghdad :</subfield><subfield code="b">al-Ani Press,</subfield><subfield code="c">1963-</subfield></datafield><datafield ind1=" " ind2=" " tag="300"><subfield code="a">online resource (v.)</subfield></datafield><datafield ind1=" " ind2=" " tag="500"><subfield code="a">Title in English: Dictionary of the Baghdadi dialect.</subfield></datafield><datafield ind1=" " ind2=" " tag="500"><subfield code="a">Part of the Arabic Collections Online (ACO) project, contributed by New York Univeristy Libraries.</subfield></datafield><datafield ind1=" " ind2=" " tag="533"><subfield code="a">Electronic reproduction.</subfield><subfield code="b">New York, N.Y. :</subfield><subfield code="c">New York University,</subfield><subfield code="d">2015.</subfield><subfield code="5">NNU</subfield></datafield><datafield ind1=" " ind2="0" tag="650"><subfield code="a">Arabic language</subfield><subfield code="x">Dialects</subfield><subfield code="z">Iraq</subfield><subfield code="z">Baghdad.</subfield></datafield><datafield ind1=" " ind2="0" tag="650"><subfield code="a">Arabic language</subfield><subfield code="v">Dictionaries.</subfield></datafield><datafield ind1="2" ind2=" " tag="710"><subfield code="a">New York University.</subfield><subfield code="b">Libraries.</subfield></datafield><datafield ind1="0" ind2=" " tag="730"><subfield code="a">Arabic Collections Online.</subfield></datafield><datafield ind1="0" ind2="8" tag="776"><subfield code="i">Print version:</subfield><subfield code="a">&#7716;anaf&#299;, Jal&#257;l.</subfield><subfield code="t">Mu&#699;jam al-lughah al-&#699;&#257;mm&#299;yah al-Baghd&#257;d&#299;yah</subfield><subfield code="w">(NNU)001679925</subfield></datafield><datafield ind1="4" ind2="0" tag="856"><subfield code="u">http://hdl.handle.net/2333.1/tb2rbrbf</subfield></datafield><datafield ind1=" " ind2=" " tag="959"><subfield code="a">NNU</subfield><subfield code="b">WEB</subfield><subfield code="c">GENI</subfield><subfield code="t">0</subfield><subfield code="m">Electronic access</subfield><subfield code="s">01</subfield></datafield><datafield ind1=" " ind2=" " tag="999"><subfield code="i">NNU_001679925</subfield><subfield code="o" /><subfield code="e">(ERROR-880)</subfield></datafield></record>